@article{10.2307/663211,
 ISSN = {00027294, 15481433},
 URL = {http://www.jstor.org/stable/663211},
 author = {Marvin K. Opler},
 journal = {American Anthropologist},
 number = 1,
 pages = {134-139},
 publisher = {[American Anthropological Association, Wiley]},
 title = {A "Sumo" Tournament at Tule Lake Center},
 volume = 47,
 year = 1945
}
