@book{heinrichs2017thank,
  title={Thank You for Arguing, Third Edition},
  author={Heinrichs, J.},
  isbn={9780804189941},
  year={2017},
  publisher={Crown/Archetype}
}
@book{porter1913webster,
  title={Webster's Revised Unabridged Dictionary of the English Language},
  author={Porter, N. and Merriam-Webster, Inc},
  chapter={Liberal},
  url={http://www.gutenberg.org/cache/epub/673/pg673.txt},
  year=1913,
  publisher={Merriam-Webster}
}
@book{Joseph.2002,
  added-at = {2011-05-03T17:01:48.000+0200},
  author = {Joseph, Miriam and Miriam},
  biburl = {https://www.bibsonomy.org/bibtex/2f7749ee289e7c31ca2c33dbb7158efbe/iww},
  edition = {Reissue},
  interhash = {4d28f2295ae060513848b86fea5e7ee5},
  intrahash = {f7749ee289e7c31ca2c33dbb7158efbe},
  isbn = {0967967503},
  keywords = {Families, Nonfiction, Parenting Professional Reference Technical, {\&}},
  number = 0,
  publisher = {Paul Dry Books},
  timestamp = {2011-05-03T17:02:41.000+0200},
  title = {The Trivium: The Liberal Arts of Logic, Grammar, and Rhetoric},
  year = 2002
}
@unpublished{Matthews.2017,
  author = {Matthews, Luke},
  institution = {Madison Technical College},
  howpublished = {Lecture},
  note = {Lecture},
  title = {Cultural Anthropology and Human Diversity},
  year = 2017
}
@book{newoxford.2016,
  publisher = {Oxford University Press},
  year = 2016,
  title = {New Oxford American Dictionary},
  note = {Social distance}
}
